%YAML 1.1
%TAG !u! tag:unity3d.com,2011:
--- !u!1 &2291811535133083230
GameObject:
  m_ObjectHideFlags: 0
  m_CorrespondingSourceObject: {fileID: 0}
  m_PrefabInstance: {fileID: 0}
  m_PrefabAsset: {fileID: 0}
  serializedVersion: 6
  m_Component:
  - component: {fileID: 2291811535133083229}
  m_Layer: 0
  m_Name: RightContent
  m_TagString: Untagged
  m_Icon: {fileID: 0}
  m_NavMeshLayer: 0
  m_StaticEditorFlags: 0
  m_IsActive: 1
--- !u!4 &2291811535133083229
Transform:
  m_ObjectHideFlags: 0
  m_CorrespondingSourceObject: {fileID: 0}
  m_PrefabInstance: {fileID: 0}
  m_PrefabAsset: {fileID: 0}
  m_GameObject: {fileID: 2291811535133083230}
  m_LocalRotation: {x: 0, y: 0, z: 0, w: 1}
  m_LocalPosition: {x: 0, y: 0, z: 0}
  m_LocalScale: {x: 1, y: 1, z: 1}
  m_Children:
  - {fileID: 3840091218974512326}
  - {fileID: 3840091218380975779}
  - {fileID: 4599857651217060592}
  - {fileID: 3526318175817389377}
  - {fileID: 4599857652013963735}
  - {fileID: 3526318175634464860}
  - {fileID: 3526318177362112251}
  - {fileID: 4599857651352463871}
  - {fileID: 3840091218721160638}
  - {fileID: 4599857650911680492}
  m_Father: {fileID: 0}
  m_RootOrder: 0
  m_LocalEulerAnglesHint: {x: 0, y: 0, z: 0}
--- !u!1001 &2291811533640593159
PrefabInstance:
  m_ObjectHideFlags: 0
  serializedVersion: 2
  m_Modification:
    m_TransformParent: {fileID: 2291811535133083229}
    m_Modifications:
    - target: {fileID: 3063741788966157248, guid: 6dc191b7cef33094797c3b63f41238e0,
        type: 3}
      propertyPath: m_Name
      value: Normal
      objectReference: {fileID: 0}
    - target: {fileID: 3063741788966157249, guid: 6dc191b7cef33094797c3b63f41238e0,
        type: 3}
      propertyPath: m_LocalPosition.x
      value: 28.5
      objectReference: {fileID: 0}
    - target: {fileID: 3063741788966157249, guid: 6dc191b7cef33094797c3b63f41238e0,
        type: 3}
      propertyPath: m_LocalPosition.y
      value: 1.5
      objectReference: {fileID: 0}
    - target: {fileID: 3063741788966157249, guid: 6dc191b7cef33094797c3b63f41238e0,
        type: 3}
      propertyPath: m_LocalPosition.z
      value: 36
      objectReference: {fileID: 0}
    - target: {fileID: 3063741788966157249, guid: 6dc191b7cef33094797c3b63f41238e0,
        type: 3}
      propertyPath: m_LocalRotation.x
      value: 0
      objectReference: {fileID: 0}
    - target: {fileID: 3063741788966157249, guid: 6dc191b7cef33094797c3b63f41238e0,
        type: 3}
      propertyPath: m_LocalRotation.y
      value: 1
      objectReference: {fileID: 0}
    - target: {fileID: 3063741788966157249, guid: 6dc191b7cef33094797c3b63f41238e0,
        type: 3}
      propertyPath: m_LocalRotation.z
      value: 0
      objectReference: {fileID: 0}
    - target: {fileID: 3063741788966157249, guid: 6dc191b7cef33094797c3b63f41238e0,
        type: 3}
      propertyPath: m_LocalRotation.w
      value: 0
      objectReference: {fileID: 0}
    - target: {fileID: 3063741788966157249, guid: 6dc191b7cef33094797c3b63f41238e0,
        type: 3}
      propertyPath: m_RootOrder
      value: 0
      objectReference: {fileID: 0}
    - target: {fileID: 3063741788966157249, guid: 6dc191b7cef33094797c3b63f41238e0,
        type: 3}
      propertyPath: m_LocalEulerAnglesHint.x
      value: 0
      objectReference: {fileID: 0}
    - target: {fileID: 3063741788966157249, guid: 6dc191b7cef33094797c3b63f41238e0,
        type: 3}
      propertyPath: m_LocalEulerAnglesHint.y
      value: 180
      objectReference: {fileID: 0}
    - target: {fileID: 3063741788966157249, guid: 6dc191b7cef33094797c3b63f41238e0,
        type: 3}
      propertyPath: m_LocalEulerAnglesHint.z
      value: 0
      objectReference: {fileID: 0}
    - target: {fileID: 3063741788966157250, guid: 6dc191b7cef33094797c3b63f41238e0,
        type: 3}
      propertyPath: activator
      value: 
      objectReference: {fileID: 4599857651217060595}
    m_RemovedComponents: []
  m_SourcePrefab: {fileID: 100100000, guid: 6dc191b7cef33094797c3b63f41238e0, type: 3}
--- !u!4 &3840091218974512326 stripped
Transform:
  m_CorrespondingSourceObject: {fileID: 3063741788966157249, guid: 6dc191b7cef33094797c3b63f41238e0,
    type: 3}
  m_PrefabInstance: {fileID: 2291811533640593159}
  m_PrefabAsset: {fileID: 0}
--- !u!1001 &2291811533897877119
PrefabInstance:
  m_ObjectHideFlags: 0
  serializedVersion: 2
  m_Modification:
    m_TransformParent: {fileID: 2291811535133083229}
    m_Modifications:
    - target: {fileID: 3063741788966157248, guid: 6dc191b7cef33094797c3b63f41238e0,
        type: 3}
      propertyPath: m_Name
      value: Normal (2)
      objectReference: {fileID: 0}
    - target: {fileID: 3063741788966157249, guid: 6dc191b7cef33094797c3b63f41238e0,
        type: 3}
      propertyPath: m_LocalPosition.x
      value: 42
      objectReference: {fileID: 0}
    - target: {fileID: 3063741788966157249, guid: 6dc191b7cef33094797c3b63f41238e0,
        type: 3}
      propertyPath: m_LocalPosition.y
      value: 1.5
      objectReference: {fileID: 0}
    - target: {fileID: 3063741788966157249, guid: 6dc191b7cef33094797c3b63f41238e0,
        type: 3}
      propertyPath: m_LocalPosition.z
      value: 60
      objectReference: {fileID: 0}
    - target: {fileID: 3063741788966157249, guid: 6dc191b7cef33094797c3b63f41238e0,
        type: 3}
      propertyPath: m_LocalRotation.x
      value: 0
      objectReference: {fileID: 0}
    - target: {fileID: 3063741788966157249, guid: 6dc191b7cef33094797c3b63f41238e0,
        type: 3}
      propertyPath: m_LocalRotation.y
      value: 1
      objectReference: {fileID: 0}
    - target: {fileID: 3063741788966157249, guid: 6dc191b7cef33094797c3b63f41238e0,
        type: 3}
      propertyPath: m_LocalRotation.z
      value: 0
      objectReference: {fileID: 0}
    - target: {fileID: 3063741788966157249, guid: 6dc191b7cef33094797c3b63f41238e0,
        type: 3}
      propertyPath: m_LocalRotation.w
      value: 0
      objectReference: {fileID: 0}
    - target: {fileID: 3063741788966157249, guid: 6dc191b7cef33094797c3b63f41238e0,
        type: 3}
      propertyPath: m_RootOrder
      value: 8
      objectReference: {fileID: 0}
    - target: {fileID: 3063741788966157249, guid: 6dc191b7cef33094797c3b63f41238e0,
        type: 3}
      propertyPath: m_LocalEulerAnglesHint.x
      value: 0
      objectReference: {fileID: 0}
    - target: {fileID: 3063741788966157249, guid: 6dc191b7cef33094797c3b63f41238e0,
        type: 3}
      propertyPath: m_LocalEulerAnglesHint.y
      value: 180
      objectReference: {fileID: 0}
    - target: {fileID: 3063741788966157249, guid: 6dc191b7cef33094797c3b63f41238e0,
        type: 3}
      propertyPath: m_LocalEulerAnglesHint.z
      value: 0
      objectReference: {fileID: 0}
    - target: {fileID: 3063741788966157250, guid: 6dc191b7cef33094797c3b63f41238e0,
        type: 3}
      propertyPath: activator
      value: 
      objectReference: {fileID: 4599857650911680495}
    m_RemovedComponents: []
  m_SourcePrefab: {fileID: 100100000, guid: 6dc191b7cef33094797c3b63f41238e0, type: 3}
--- !u!4 &3840091218721160638 stripped
Transform:
  m_CorrespondingSourceObject: {fileID: 3063741788966157249, guid: 6dc191b7cef33094797c3b63f41238e0,
    type: 3}
  m_PrefabInstance: {fileID: 2291811533897877119}
  m_PrefabAsset: {fileID: 0}
--- !u!1001 &2291811534013401470
PrefabInstance:
  m_ObjectHideFlags: 0
  serializedVersion: 2
  m_Modification:
    m_TransformParent: {fileID: 2291811535133083229}
    m_Modifications:
    - target: {fileID: 2313685118270869672, guid: 4bdfcbecb7ae114479aa592f2a91fe9a,
        type: 3}
      propertyPath: m_Name
      value: EnemyActivator (1)
      objectReference: {fileID: 0}
    - target: {fileID: 2313685118270869673, guid: 4bdfcbecb7ae114479aa592f2a91fe9a,
        type: 3}
      propertyPath: m_LocalPosition.x
      value: 30
      objectReference: {fileID: 0}
    - target: {fileID: 2313685118270869673, guid: 4bdfcbecb7ae114479aa592f2a91fe9a,
        type: 3}
      propertyPath: m_LocalPosition.y
      value: 2.5
      objectReference: {fileID: 0}
    - target: {fileID: 2313685118270869673, guid: 4bdfcbecb7ae114479aa592f2a91fe9a,
        type: 3}
      propertyPath: m_LocalPosition.z
      value: 36
      objectReference: {fileID: 0}
    - target: {fileID: 2313685118270869673, guid: 4bdfcbecb7ae114479aa592f2a91fe9a,
        type: 3}
      propertyPath: m_LocalRotation.x
      value: 0
      objectReference: {fileID: 0}
    - target: {fileID: 2313685118270869673, guid: 4bdfcbecb7ae114479aa592f2a91fe9a,
        type: 3}
      propertyPath: m_LocalRotation.y
      value: 0
      objectReference: {fileID: 0}
    - target: {fileID: 2313685118270869673, guid: 4bdfcbecb7ae114479aa592f2a91fe9a,
        type: 3}
      propertyPath: m_LocalRotation.z
      value: 0
      objectReference: {fileID: 0}
    - target: {fileID: 2313685118270869673, guid: 4bdfcbecb7ae114479aa592f2a91fe9a,
        type: 3}
      propertyPath: m_LocalRotation.w
      value: 1
      objectReference: {fileID: 0}
    - target: {fileID: 2313685118270869673, guid: 4bdfcbecb7ae114479aa592f2a91fe9a,
        type: 3}
      propertyPath: m_RootOrder
      value: 4
      objectReference: {fileID: 0}
    - target: {fileID: 2313685118270869673, guid: 4bdfcbecb7ae114479aa592f2a91fe9a,
        type: 3}
      propertyPath: m_LocalEulerAnglesHint.x
      value: 0
      objectReference: {fileID: 0}
    - target: {fileID: 2313685118270869673, guid: 4bdfcbecb7ae114479aa592f2a91fe9a,
        type: 3}
      propertyPath: m_LocalEulerAnglesHint.y
      value: 0
      objectReference: {fileID: 0}
    - target: {fileID: 2313685118270869673, guid: 4bdfcbecb7ae114479aa592f2a91fe9a,
        type: 3}
      propertyPath: m_LocalEulerAnglesHint.z
      value: 0
      objectReference: {fileID: 0}
    m_RemovedComponents: []
  m_SourcePrefab: {fileID: 100100000, guid: 4bdfcbecb7ae114479aa592f2a91fe9a, type: 3}
--- !u!4 &4599857652013963735 stripped
Transform:
  m_CorrespondingSourceObject: {fileID: 2313685118270869673, guid: 4bdfcbecb7ae114479aa592f2a91fe9a,
    type: 3}
  m_PrefabInstance: {fileID: 2291811534013401470}
  m_PrefabAsset: {fileID: 0}
--- !u!114 &4599857652013963732 stripped
MonoBehaviour:
  m_CorrespondingSourceObject: {fileID: 2313685118270869674, guid: 4bdfcbecb7ae114479aa592f2a91fe9a,
    type: 3}
  m_PrefabInstance: {fileID: 2291811534013401470}
  m_PrefabAsset: {fileID: 0}
  m_GameObject: {fileID: 0}
  m_Enabled: 1
  m_EditorHideFlags: 0
  m_Script: {fileID: 11500000, guid: 5607a2d064ed0a34fa31cfbd7ea0e858, type: 3}
  m_Name: 
  m_EditorClassIdentifier: 
--- !u!1001 &2291811534238192994
PrefabInstance:
  m_ObjectHideFlags: 0
  serializedVersion: 2
  m_Modification:
    m_TransformParent: {fileID: 2291811535133083229}
    m_Modifications:
    - target: {fileID: 3063741788966157248, guid: 6dc191b7cef33094797c3b63f41238e0,
        type: 3}
      propertyPath: m_Name
      value: Normal (1)
      objectReference: {fileID: 0}
    - target: {fileID: 3063741788966157249, guid: 6dc191b7cef33094797c3b63f41238e0,
        type: 3}
      propertyPath: m_LocalPosition.x
      value: 30
      objectReference: {fileID: 0}
    - target: {fileID: 3063741788966157249, guid: 6dc191b7cef33094797c3b63f41238e0,
        type: 3}
      propertyPath: m_LocalPosition.y
      value: 2
      objectReference: {fileID: 0}
    - target: {fileID: 3063741788966157249, guid: 6dc191b7cef33094797c3b63f41238e0,
        type: 3}
      propertyPath: m_LocalPosition.z
      value: 42
      objectReference: {fileID: 0}
    - target: {fileID: 3063741788966157249, guid: 6dc191b7cef33094797c3b63f41238e0,
        type: 3}
      propertyPath: m_LocalRotation.x
      value: 0
      objectReference: {fileID: 0}
    - target: {fileID: 3063741788966157249, guid: 6dc191b7cef33094797c3b63f41238e0,
        type: 3}
      propertyPath: m_LocalRotation.y
      value: 1
      objectReference: {fileID: 0}
    - target: {fileID: 3063741788966157249, guid: 6dc191b7cef33094797c3b63f41238e0,
        type: 3}
      propertyPath: m_LocalRotation.z
      value: 0
      objectReference: {fileID: 0}
    - target: {fileID: 3063741788966157249, guid: 6dc191b7cef33094797c3b63f41238e0,
        type: 3}
      propertyPath: m_LocalRotation.w
      value: 0
      objectReference: {fileID: 0}
    - target: {fileID: 3063741788966157249, guid: 6dc191b7cef33094797c3b63f41238e0,
        type: 3}
      propertyPath: m_RootOrder
      value: 1
      objectReference: {fileID: 0}
    - target: {fileID: 3063741788966157249, guid: 6dc191b7cef33094797c3b63f41238e0,
        type: 3}
      propertyPath: m_LocalEulerAnglesHint.x
      value: 0
      objectReference: {fileID: 0}
    - target: {fileID: 3063741788966157249, guid: 6dc191b7cef33094797c3b63f41238e0,
        type: 3}
      propertyPath: m_LocalEulerAnglesHint.y
      value: 180
      objectReference: {fileID: 0}
    - target: {fileID: 3063741788966157249, guid: 6dc191b7cef33094797c3b63f41238e0,
        type: 3}
      propertyPath: m_LocalEulerAnglesHint.z
      value: 0
      objectReference: {fileID: 0}
    - target: {fileID: 3063741788966157250, guid: 6dc191b7cef33094797c3b63f41238e0,
        type: 3}
      propertyPath: activator
      value: 
      objectReference: {fileID: 4599857651217060595}
    m_RemovedComponents: []
  m_SourcePrefab: {fileID: 100100000, guid: 6dc191b7cef33094797c3b63f41238e0, type: 3}
--- !u!4 &3840091218380975779 stripped
Transform:
  m_CorrespondingSourceObject: {fileID: 3063741788966157249, guid: 6dc191b7cef33094797c3b63f41238e0,
    type: 3}
  m_PrefabInstance: {fileID: 2291811534238192994}
  m_PrefabAsset: {fileID: 0}
--- !u!1001 &2291811534451067803
PrefabInstance:
  m_ObjectHideFlags: 0
  serializedVersion: 2
  m_Modification:
    m_TransformParent: {fileID: 2291811535133083229}
    m_Modifications:
    - target: {fileID: 3396235013840348513, guid: cb9bed2fd4df2d44f90a1a5ca32cf541,
        type: 3}
      propertyPath: m_Name
      value: Small (2)
      objectReference: {fileID: 0}
    - target: {fileID: 3396235013840348512, guid: cb9bed2fd4df2d44f90a1a5ca32cf541,
        type: 3}
      propertyPath: m_LocalPosition.x
      value: 44
      objectReference: {fileID: 0}
    - target: {fileID: 3396235013840348512, guid: cb9bed2fd4df2d44f90a1a5ca32cf541,
        type: 3}
      propertyPath: m_LocalPosition.y
      value: 1.25
      objectReference: {fileID: 0}
    - target: {fileID: 3396235013840348512, guid: cb9bed2fd4df2d44f90a1a5ca32cf541,
        type: 3}
      propertyPath: m_LocalPosition.z
      value: 49
      objectReference: {fileID: 0}
    - target: {fileID: 3396235013840348512, guid: cb9bed2fd4df2d44f90a1a5ca32cf541,
        type: 3}
      propertyPath: m_LocalRotation.x
      value: -0
      objectReference: {fileID: 0}
    - target: {fileID: 3396235013840348512, guid: cb9bed2fd4df2d44f90a1a5ca32cf541,
        type: 3}
      propertyPath: m_LocalRotation.y
      value: -0.7071068
      objectReference: {fileID: 0}
    - target: {fileID: 3396235013840348512, guid: cb9bed2fd4df2d44f90a1a5ca32cf541,
        type: 3}
      propertyPath: m_LocalRotation.z
      value: -0
      objectReference: {fileID: 0}
    - target: {fileID: 3396235013840348512, guid: cb9bed2fd4df2d44f90a1a5ca32cf541,
        type: 3}
      propertyPath: m_LocalRotation.w
      value: 0.7071068
      objectReference: {fileID: 0}
    - target: {fileID: 3396235013840348512, guid: cb9bed2fd4df2d44f90a1a5ca32cf541,
        type: 3}
      propertyPath: m_RootOrder
      value: 6
      objectReference: {fileID: 0}
    - target: {fileID: 3396235013840348512, guid: cb9bed2fd4df2d44f90a1a5ca32cf541,
        type: 3}
      propertyPath: m_LocalEulerAnglesHint.x
      value: 0
      objectReference: {fileID: 0}
    - target: {fileID: 3396235013840348512, guid: cb9bed2fd4df2d44f90a1a5ca32cf541,
        type: 3}
      propertyPath: m_LocalEulerAnglesHint.y
      value: -90
      objectReference: {fileID: 0}
    - target: {fileID: 3396235013840348512, guid: cb9bed2fd4df2d44f90a1a5ca32cf541,
        type: 3}
      propertyPath: m_LocalEulerAnglesHint.z
      value: 0
      objectReference: {fileID: 0}
    - target: {fileID: 3396235013840348512, guid: cb9bed2fd4df2d44f90a1a5ca32cf541,
        type: 3}
      propertyPath: m_LocalScale.x
      value: 1.0000005
      objectReference: {fileID: 0}
    - target: {fileID: 3396235013840348512, guid: cb9bed2fd4df2d44f90a1a5ca32cf541,
        type: 3}
      propertyPath: m_LocalScale.z
      value: 1.0000005
      objectReference: {fileID: 0}
    - target: {fileID: 3396235013840348515, guid: cb9bed2fd4df2d44f90a1a5ca32cf541,
        type: 3}
      propertyPath: activator
      value: 
      objectReference: {fileID: 4599857651352463868}
    m_RemovedComponents: []
  m_SourcePrefab: {fileID: 100100000, guid: cb9bed2fd4df2d44f90a1a5ca32cf541, type: 3}
--- !u!4 &3526318177362112251 stripped
Transform:
  m_CorrespondingSourceObject: {fileID: 3396235013840348512, guid: cb9bed2fd4df2d44f90a1a5ca32cf541,
    type: 3}
  m_PrefabInstance: {fileID: 2291811534451067803}
  m_PrefabAsset: {fileID: 0}
--- !u!1001 &2291811534835320124
PrefabInstance:
  m_ObjectHideFlags: 0
  serializedVersion: 2
  m_Modification:
    m_TransformParent: {fileID: 2291811535133083229}
    m_Modifications:
    - target: {fileID: 3396235013840348513, guid: cb9bed2fd4df2d44f90a1a5ca32cf541,
        type: 3}
      propertyPath: m_Name
      value: Small (1)
      objectReference: {fileID: 0}
    - target: {fileID: 3396235013840348512, guid: cb9bed2fd4df2d44f90a1a5ca32cf541,
        type: 3}
      propertyPath: m_LocalPosition.x
      value: 39
      objectReference: {fileID: 0}
    - target: {fileID: 3396235013840348512, guid: cb9bed2fd4df2d44f90a1a5ca32cf541,
        type: 3}
      propertyPath: m_LocalPosition.y
      value: 1.75
      objectReference: {fileID: 0}
    - target: {fileID: 3396235013840348512, guid: cb9bed2fd4df2d44f90a1a5ca32cf541,
        type: 3}
      propertyPath: m_LocalPosition.z
      value: 47
      objectReference: {fileID: 0}
    - target: {fileID: 3396235013840348512, guid: cb9bed2fd4df2d44f90a1a5ca32cf541,
        type: 3}
      propertyPath: m_LocalRotation.x
      value: 0
      objectReference: {fileID: 0}
    - target: {fileID: 3396235013840348512, guid: cb9bed2fd4df2d44f90a1a5ca32cf541,
        type: 3}
      propertyPath: m_LocalRotation.y
      value: -0.7071068
      objectReference: {fileID: 0}
    - target: {fileID: 3396235013840348512, guid: cb9bed2fd4df2d44f90a1a5ca32cf541,
        type: 3}
      propertyPath: m_LocalRotation.z
      value: 0
      objectReference: {fileID: 0}
    - target: {fileID: 3396235013840348512, guid: cb9bed2fd4df2d44f90a1a5ca32cf541,
        type: 3}
      propertyPath: m_LocalRotation.w
      value: 0.7071068
      objectReference: {fileID: 0}
    - target: {fileID: 3396235013840348512, guid: cb9bed2fd4df2d44f90a1a5ca32cf541,
        type: 3}
      propertyPath: m_RootOrder
      value: 5
      objectReference: {fileID: 0}
    - target: {fileID: 3396235013840348512, guid: cb9bed2fd4df2d44f90a1a5ca32cf541,
        type: 3}
      propertyPath: m_LocalEulerAnglesHint.x
      value: 0
      objectReference: {fileID: 0}
    - target: {fileID: 3396235013840348512, guid: cb9bed2fd4df2d44f90a1a5ca32cf541,
        type: 3}
      propertyPath: m_LocalEulerAnglesHint.y
      value: -90
      objectReference: {fileID: 0}
    - target: {fileID: 3396235013840348512, guid: cb9bed2fd4df2d44f90a1a5ca32cf541,
        type: 3}
      propertyPath: m_LocalEulerAnglesHint.z
      value: 0
      objectReference: {fileID: 0}
    - target: {fileID: 3396235013840348515, guid: cb9bed2fd4df2d44f90a1a5ca32cf541,
        type: 3}
      propertyPath: activator
      value: 
      objectReference: {fileID: 4599857651352463868}
    m_RemovedComponents: []
  m_SourcePrefab: {fileID: 100100000, guid: cb9bed2fd4df2d44f90a1a5ca32cf541, type: 3}
--- !u!4 &3526318175634464860 stripped
Transform:
  m_CorrespondingSourceObject: {fileID: 3396235013840348512, guid: cb9bed2fd4df2d44f90a1a5ca32cf541,
    type: 3}
  m_PrefabInstance: {fileID: 2291811534835320124}
  m_PrefabAsset: {fileID: 0}
--- !u!1001 &2291811535190487073
PrefabInstance:
  m_ObjectHideFlags: 0
  serializedVersion: 2
  m_Modification:
    m_TransformParent: {fileID: 2291811535133083229}
    m_Modifications:
    - target: {fileID: 3396235013840348513, guid: cb9bed2fd4df2d44f90a1a5ca32cf541,
        type: 3}
      propertyPath: m_Name
      value: Small
      objectReference: {fileID: 0}
    - target: {fileID: 3396235013840348512, guid: cb9bed2fd4df2d44f90a1a5ca32cf541,
        type: 3}
      propertyPath: m_LocalPosition.x
      value: 31.5
      objectReference: {fileID: 0}
    - target: {fileID: 3396235013840348512, guid: cb9bed2fd4df2d44f90a1a5ca32cf541,
        type: 3}
      propertyPath: m_LocalPosition.y
      value: 2.5
      objectReference: {fileID: 0}
    - target: {fileID: 3396235013840348512, guid: cb9bed2fd4df2d44f90a1a5ca32cf541,
        type: 3}
      propertyPath: m_LocalPosition.z
      value: 48
      objectReference: {fileID: 0}
    - target: {fileID: 3396235013840348512, guid: cb9bed2fd4df2d44f90a1a5ca32cf541,
        type: 3}
      propertyPath: m_LocalRotation.x
      value: 0
      objectReference: {fileID: 0}
    - target: {fileID: 3396235013840348512, guid: cb9bed2fd4df2d44f90a1a5ca32cf541,
        type: 3}
      propertyPath: m_LocalRotation.y
      value: 1
      objectReference: {fileID: 0}
    - target: {fileID: 3396235013840348512, guid: cb9bed2fd4df2d44f90a1a5ca32cf541,
        type: 3}
      propertyPath: m_LocalRotation.z
      value: 0
      objectReference: {fileID: 0}
    - target: {fileID: 3396235013840348512, guid: cb9bed2fd4df2d44f90a1a5ca32cf541,
        type: 3}
      propertyPath: m_LocalRotation.w
      value: 0
      objectReference: {fileID: 0}
    - target: {fileID: 3396235013840348512, guid: cb9bed2fd4df2d44f90a1a5ca32cf541,
        type: 3}
      propertyPath: m_RootOrder
      value: 3
      objectReference: {fileID: 0}
    - target: {fileID: 3396235013840348512, guid: cb9bed2fd4df2d44f90a1a5ca32cf541,
        type: 3}
      propertyPath: m_LocalEulerAnglesHint.x
      value: 0
      objectReference: {fileID: 0}
    - target: {fileID: 3396235013840348512, guid: cb9bed2fd4df2d44f90a1a5ca32cf541,
        type: 3}
      propertyPath: m_LocalEulerAnglesHint.y
      value: 180
      objectReference: {fileID: 0}
    - target: {fileID: 3396235013840348512, guid: cb9bed2fd4df2d44f90a1a5ca32cf541,
        type: 3}
      propertyPath: m_LocalEulerAnglesHint.z
      value: 0
      objectReference: {fileID: 0}
    - target: {fileID: 3396235013840348515, guid: cb9bed2fd4df2d44f90a1a5ca32cf541,
        type: 3}
      propertyPath: activator
      value: 
      objectReference: {fileID: 4599857652013963732}
    m_RemovedComponents: []
  m_SourcePrefab: {fileID: 100100000, guid: cb9bed2fd4df2d44f90a1a5ca32cf541, type: 3}
--- !u!4 &3526318175817389377 stripped
Transform:
  m_CorrespondingSourceObject: {fileID: 3396235013840348512, guid: cb9bed2fd4df2d44f90a1a5ca32cf541,
    type: 3}
  m_PrefabInstance: {fileID: 2291811535190487073}
  m_PrefabAsset: {fileID: 0}
--- !u!1001 &2291811535192885061
PrefabInstance:
  m_ObjectHideFlags: 0
  serializedVersion: 2
  m_Modification:
    m_TransformParent: {fileID: 2291811535133083229}
    m_Modifications:
    - target: {fileID: 2313685118270869672, guid: 4bdfcbecb7ae114479aa592f2a91fe9a,
        type: 3}
      propertyPath: m_Name
      value: EnemyActivator (3)
      objectReference: {fileID: 0}
    - target: {fileID: 2313685118270869673, guid: 4bdfcbecb7ae114479aa592f2a91fe9a,
        type: 3}
      propertyPath: m_LocalPosition.x
      value: 42
      objectReference: {fileID: 0}
    - target: {fileID: 2313685118270869673, guid: 4bdfcbecb7ae114479aa592f2a91fe9a,
        type: 3}
      propertyPath: m_LocalPosition.y
      value: 2.5
      objectReference: {fileID: 0}
    - target: {fileID: 2313685118270869673, guid: 4bdfcbecb7ae114479aa592f2a91fe9a,
        type: 3}
      propertyPath: m_LocalPosition.z
      value: 48
      objectReference: {fileID: 0}
    - target: {fileID: 2313685118270869673, guid: 4bdfcbecb7ae114479aa592f2a91fe9a,
        type: 3}
      propertyPath: m_LocalRotation.x
      value: 0
      objectReference: {fileID: 0}
    - target: {fileID: 2313685118270869673, guid: 4bdfcbecb7ae114479aa592f2a91fe9a,
        type: 3}
      propertyPath: m_LocalRotation.y
      value: 0
      objectReference: {fileID: 0}
    - target: {fileID: 2313685118270869673, guid: 4bdfcbecb7ae114479aa592f2a91fe9a,
        type: 3}
      propertyPath: m_LocalRotation.z
      value: 0
      objectReference: {fileID: 0}
    - target: {fileID: 2313685118270869673, guid: 4bdfcbecb7ae114479aa592f2a91fe9a,
        type: 3}
      propertyPath: m_LocalRotation.w
      value: 1
      objectReference: {fileID: 0}
    - target: {fileID: 2313685118270869673, guid: 4bdfcbecb7ae114479aa592f2a91fe9a,
        type: 3}
      propertyPath: m_RootOrder
      value: 9
      objectReference: {fileID: 0}
    - target: {fileID: 2313685118270869673, guid: 4bdfcbecb7ae114479aa592f2a91fe9a,
        type: 3}
      propertyPath: m_LocalEulerAnglesHint.x
      value: 0
      objectReference: {fileID: 0}
    - target: {fileID: 2313685118270869673, guid: 4bdfcbecb7ae114479aa592f2a91fe9a,
        type: 3}
      propertyPath: m_LocalEulerAnglesHint.y
      value: 0
      objectReference: {fileID: 0}
    - target: {fileID: 2313685118270869673, guid: 4bdfcbecb7ae114479aa592f2a91fe9a,
        type: 3}
      propertyPath: m_LocalEulerAnglesHint.z
      value: 0
      objectReference: {fileID: 0}
    m_RemovedComponents: []
  m_SourcePrefab: {fileID: 100100000, guid: 4bdfcbecb7ae114479aa592f2a91fe9a, type: 3}
--- !u!4 &4599857650911680492 stripped
Transform:
  m_CorrespondingSourceObject: {fileID: 2313685118270869673, guid: 4bdfcbecb7ae114479aa592f2a91fe9a,
    type: 3}
  m_PrefabInstance: {fileID: 2291811535192885061}
  m_PrefabAsset: {fileID: 0}
--- !u!114 &4599857650911680495 stripped
MonoBehaviour:
  m_CorrespondingSourceObject: {fileID: 2313685118270869674, guid: 4bdfcbecb7ae114479aa592f2a91fe9a,
    type: 3}
  m_PrefabInstance: {fileID: 2291811535192885061}
  m_PrefabAsset: {fileID: 0}
  m_GameObject: {fileID: 0}
  m_Enabled: 1
  m_EditorHideFlags: 0
  m_Script: {fileID: 11500000, guid: 5607a2d064ed0a34fa31cfbd7ea0e858, type: 3}
  m_Name: 
  m_EditorClassIdentifier: 
--- !u!1001 &2291811535248259414
PrefabInstance:
  m_ObjectHideFlags: 0
  serializedVersion: 2
  m_Modification:
    m_TransformParent: {fileID: 2291811535133083229}
    m_Modifications:
    - target: {fileID: 2313685118270869672, guid: 4bdfcbecb7ae114479aa592f2a91fe9a,
        type: 3}
      propertyPath: m_Name
      value: EnemyActivator (2)
      objectReference: {fileID: 0}
    - target: {fileID: 2313685118270869673, guid: 4bdfcbecb7ae114479aa592f2a91fe9a,
        type: 3}
      propertyPath: m_LocalPosition.x
      value: 30
      objectReference: {fileID: 0}
    - target: {fileID: 2313685118270869673, guid: 4bdfcbecb7ae114479aa592f2a91fe9a,
        type: 3}
      propertyPath: m_LocalPosition.y
      value: 2.5
      objectReference: {fileID: 0}
    - target: {fileID: 2313685118270869673, guid: 4bdfcbecb7ae114479aa592f2a91fe9a,
        type: 3}
      propertyPath: m_LocalPosition.z
      value: 48
      objectReference: {fileID: 0}
    - target: {fileID: 2313685118270869673, guid: 4bdfcbecb7ae114479aa592f2a91fe9a,
        type: 3}
      propertyPath: m_LocalRotation.x
      value: 0
      objectReference: {fileID: 0}
    - target: {fileID: 2313685118270869673, guid: 4bdfcbecb7ae114479aa592f2a91fe9a,
        type: 3}
      propertyPath: m_LocalRotation.y
      value: 0
      objectReference: {fileID: 0}
    - target: {fileID: 2313685118270869673, guid: 4bdfcbecb7ae114479aa592f2a91fe9a,
        type: 3}
      propertyPath: m_LocalRotation.z
      value: 0
      objectReference: {fileID: 0}
    - target: {fileID: 2313685118270869673, guid: 4bdfcbecb7ae114479aa592f2a91fe9a,
        type: 3}
      propertyPath: m_LocalRotation.w
      value: 1
      objectReference: {fileID: 0}
    - target: {fileID: 2313685118270869673, guid: 4bdfcbecb7ae114479aa592f2a91fe9a,
        type: 3}
      propertyPath: m_RootOrder
      value: 7
      objectReference: {fileID: 0}
    - target: {fileID: 2313685118270869673, guid: 4bdfcbecb7ae114479aa592f2a91fe9a,
        type: 3}
      propertyPath: m_LocalEulerAnglesHint.x
      value: 0
      objectReference: {fileID: 0}
    - target: {fileID: 2313685118270869673, guid: 4bdfcbecb7ae114479aa592f2a91fe9a,
        type: 3}
      propertyPath: m_LocalEulerAnglesHint.y
      value: 0
      objectReference: {fileID: 0}
    - target: {fileID: 2313685118270869673, guid: 4bdfcbecb7ae114479aa592f2a91fe9a,
        type: 3}
      propertyPath: m_LocalEulerAnglesHint.z
      value: 0
      objectReference: {fileID: 0}
    m_RemovedComponents: []
  m_SourcePrefab: {fileID: 100100000, guid: 4bdfcbecb7ae114479aa592f2a91fe9a, type: 3}
--- !u!4 &4599857651352463871 stripped
Transform:
  m_CorrespondingSourceObject: {fileID: 2313685118270869673, guid: 4bdfcbecb7ae114479aa592f2a91fe9a,
    type: 3}
  m_PrefabInstance: {fileID: 2291811535248259414}
  m_PrefabAsset: {fileID: 0}
--- !u!114 &4599857651352463868 stripped
MonoBehaviour:
  m_CorrespondingSourceObject: {fileID: 2313685118270869674, guid: 4bdfcbecb7ae114479aa592f2a91fe9a,
    type: 3}
  m_PrefabInstance: {fileID: 2291811535248259414}
  m_PrefabAsset: {fileID: 0}
  m_GameObject: {fileID: 0}
  m_Enabled: 1
  m_EditorHideFlags: 0
  m_Script: {fileID: 11500000, guid: 5607a2d064ed0a34fa31cfbd7ea0e858, type: 3}
  m_Name: 
  m_EditorClassIdentifier: 
--- !u!1001 &2291811535380759129
PrefabInstance:
  m_ObjectHideFlags: 0
  serializedVersion: 2
  m_Modification:
    m_TransformParent: {fileID: 2291811535133083229}
    m_Modifications:
    - target: {fileID: 2313685118270869672, guid: 4bdfcbecb7ae114479aa592f2a91fe9a,
        type: 3}
      propertyPath: m_Name
      value: EnemyActivator
      objectReference: {fileID: 0}
    - target: {fileID: 2313685118270869673, guid: 4bdfcbecb7ae114479aa592f2a91fe9a,
        type: 3}
      propertyPath: m_LocalPosition.x
      value: 30
      objectReference: {fileID: 0}
    - target: {fileID: 2313685118270869673, guid: 4bdfcbecb7ae114479aa592f2a91fe9a,
        type: 3}
      propertyPath: m_LocalPosition.y
      value: 2.5
      objectReference: {fileID: 0}
    - target: {fileID: 2313685118270869673, guid: 4bdfcbecb7ae114479aa592f2a91fe9a,
        type: 3}
      propertyPath: m_LocalPosition.z
      value: 24
      objectReference: {fileID: 0}
    - target: {fileID: 2313685118270869673, guid: 4bdfcbecb7ae114479aa592f2a91fe9a,
        type: 3}
      propertyPath: m_LocalRotation.x
      value: 0
      objectReference: {fileID: 0}
    - target: {fileID: 2313685118270869673, guid: 4bdfcbecb7ae114479aa592f2a91fe9a,
        type: 3}
      propertyPath: m_LocalRotation.y
      value: 0
      objectReference: {fileID: 0}
    - target: {fileID: 2313685118270869673, guid: 4bdfcbecb7ae114479aa592f2a91fe9a,
        type: 3}
      propertyPath: m_LocalRotation.z
      value: 0
      objectReference: {fileID: 0}
    - target: {fileID: 2313685118270869673, guid: 4bdfcbecb7ae114479aa592f2a91fe9a,
        type: 3}
      propertyPath: m_LocalRotation.w
      value: 1
      objectReference: {fileID: 0}
    - target: {fileID: 2313685118270869673, guid: 4bdfcbecb7ae114479aa592f2a91fe9a,
        type: 3}
      propertyPath: m_RootOrder
      value: 2
      objectReference: {fileID: 0}
    - target: {fileID: 2313685118270869673, guid: 4bdfcbecb7ae114479aa592f2a91fe9a,
        type: 3}
      propertyPath: m_LocalEulerAnglesHint.x
      value: 0
      objectReference: {fileID: 0}
    - target: {fileID: 2313685118270869673, guid: 4bdfcbecb7ae114479aa592f2a91fe9a,
        type: 3}
      propertyPath: m_LocalEulerAnglesHint.y
      value: 0
      objectReference: {fileID: 0}
    - target: {fileID: 2313685118270869673, guid: 4bdfcbecb7ae114479aa592f2a91fe9a,
        type: 3}
      propertyPath: m_LocalEulerAnglesHint.z
      value: 0
      objectReference: {fileID: 0}
    m_RemovedComponents: []
  m_SourcePrefab: {fileID: 100100000, guid: 4bdfcbecb7ae114479aa592f2a91fe9a, type: 3}
--- !u!4 &4599857651217060592 stripped
Transform:
  m_CorrespondingSourceObject: {fileID: 2313685118270869673, guid: 4bdfcbecb7ae114479aa592f2a91fe9a,
    type: 3}
  m_PrefabInstance: {fileID: 2291811535380759129}
  m_PrefabAsset: {fileID: 0}
--- !u!114 &4599857651217060595 stripped
MonoBehaviour:
  m_CorrespondingSourceObject: {fileID: 2313685118270869674, guid: 4bdfcbecb7ae114479aa592f2a91fe9a,
    type: 3}
  m_PrefabInstance: {fileID: 2291811535380759129}
  m_PrefabAsset: {fileID: 0}
  m_GameObject: {fileID: 0}
  m_Enabled: 1
  m_EditorHideFlags: 0
  m_Script: {fileID: 11500000, guid: 5607a2d064ed0a34fa31cfbd7ea0e858, type: 3}
  m_Name: 
  m_EditorClassIdentifier: 
