%YAML 1.1
%TAG !u! tag:unity3d.com,2011:
--- !u!1 &312436497627580799
GameObject:
  m_ObjectHideFlags: 0
  m_CorrespondingSourceObject: {fileID: 0}
  m_PrefabInstance: {fileID: 0}
  m_PrefabAsset: {fileID: 0}
  serializedVersion: 6
  m_Component:
  - component: {fileID: 312436497627580792}
  m_Layer: 0
  m_Name: StartContent
  m_TagString: Untagged
  m_Icon: {fileID: 0}
  m_NavMeshLayer: 0
  m_StaticEditorFlags: 0
  m_IsActive: 1
--- !u!4 &312436497627580792
Transform:
  m_ObjectHideFlags: 0
  m_CorrespondingSourceObject: {fileID: 0}
  m_PrefabInstance: {fileID: 0}
  m_PrefabAsset: {fileID: 0}
  m_GameObject: {fileID: 312436497627580799}
  m_LocalRotation: {x: 0, y: 0, z: 0, w: 1}
  m_LocalPosition: {x: -6, y: 0, z: 0}
  m_LocalScale: {x: 1, y: 1, z: 1}
  m_Children:
  - {fileID: 3131170068985605537}
  - {fileID: 2616066974548205728}
  - {fileID: 3373591645800056040}
  - {fileID: 2616066975126583856}
  - {fileID: 5416303787304825984}
  - {fileID: 2616066975549317803}
  m_Father: {fileID: 0}
  m_RootOrder: 0
  m_LocalEulerAnglesHint: {x: 0, y: 0, z: 0}
--- !u!1001 &312436496387297005
PrefabInstance:
  m_ObjectHideFlags: 0
  serializedVersion: 2
  m_Modification:
    m_TransformParent: {fileID: 312436497627580792}
    m_Modifications:
    - target: {fileID: 5728416889699334764, guid: 2ba7038b150780246b1e11b4277e1d8a,
        type: 3}
      propertyPath: m_Name
      value: Big
      objectReference: {fileID: 0}
    - target: {fileID: 5728416889699334765, guid: 2ba7038b150780246b1e11b4277e1d8a,
        type: 3}
      propertyPath: m_LocalPosition.x
      value: 22
      objectReference: {fileID: 0}
    - target: {fileID: 5728416889699334765, guid: 2ba7038b150780246b1e11b4277e1d8a,
        type: 3}
      propertyPath: m_LocalPosition.y
      value: 1
      objectReference: {fileID: 0}
    - target: {fileID: 5728416889699334765, guid: 2ba7038b150780246b1e11b4277e1d8a,
        type: 3}
      propertyPath: m_LocalPosition.z
      value: 24
      objectReference: {fileID: 0}
    - target: {fileID: 5728416889699334765, guid: 2ba7038b150780246b1e11b4277e1d8a,
        type: 3}
      propertyPath: m_LocalRotation.x
      value: 0
      objectReference: {fileID: 0}
    - target: {fileID: 5728416889699334765, guid: 2ba7038b150780246b1e11b4277e1d8a,
        type: 3}
      propertyPath: m_LocalRotation.y
      value: -0.7071068
      objectReference: {fileID: 0}
    - target: {fileID: 5728416889699334765, guid: 2ba7038b150780246b1e11b4277e1d8a,
        type: 3}
      propertyPath: m_LocalRotation.z
      value: 0
      objectReference: {fileID: 0}
    - target: {fileID: 5728416889699334765, guid: 2ba7038b150780246b1e11b4277e1d8a,
        type: 3}
      propertyPath: m_LocalRotation.w
      value: 0.7071068
      objectReference: {fileID: 0}
    - target: {fileID: 5728416889699334765, guid: 2ba7038b150780246b1e11b4277e1d8a,
        type: 3}
      propertyPath: m_RootOrder
      value: 4
      objectReference: {fileID: 0}
    - target: {fileID: 5728416889699334765, guid: 2ba7038b150780246b1e11b4277e1d8a,
        type: 3}
      propertyPath: m_LocalEulerAnglesHint.x
      value: 0
      objectReference: {fileID: 0}
    - target: {fileID: 5728416889699334765, guid: 2ba7038b150780246b1e11b4277e1d8a,
        type: 3}
      propertyPath: m_LocalEulerAnglesHint.y
      value: -90
      objectReference: {fileID: 0}
    - target: {fileID: 5728416889699334765, guid: 2ba7038b150780246b1e11b4277e1d8a,
        type: 3}
      propertyPath: m_LocalEulerAnglesHint.z
      value: 0
      objectReference: {fileID: 0}
    - target: {fileID: 5728416889699334766, guid: 2ba7038b150780246b1e11b4277e1d8a,
        type: 3}
      propertyPath: activator
      value: 
      objectReference: {fileID: 2616066975549317800}
    m_RemovedComponents: []
  m_SourcePrefab: {fileID: 100100000, guid: 2ba7038b150780246b1e11b4277e1d8a, type: 3}
--- !u!4 &5416303787304825984 stripped
Transform:
  m_CorrespondingSourceObject: {fileID: 5728416889699334765, guid: 2ba7038b150780246b1e11b4277e1d8a,
    type: 3}
  m_PrefabInstance: {fileID: 312436496387297005}
  m_PrefabAsset: {fileID: 0}
--- !u!1001 &312436496396972546
PrefabInstance:
  m_ObjectHideFlags: 0
  serializedVersion: 2
  m_Modification:
    m_TransformParent: {fileID: 312436497627580792}
    m_Modifications:
    - target: {fileID: 2313685118270869672, guid: 4bdfcbecb7ae114479aa592f2a91fe9a,
        type: 3}
      propertyPath: m_Name
      value: EnemyActivator (2)
      objectReference: {fileID: 0}
    - target: {fileID: 2313685118270869673, guid: 4bdfcbecb7ae114479aa592f2a91fe9a,
        type: 3}
      propertyPath: m_LocalPosition.x
      value: 13.32
      objectReference: {fileID: 0}
    - target: {fileID: 2313685118270869673, guid: 4bdfcbecb7ae114479aa592f2a91fe9a,
        type: 3}
      propertyPath: m_LocalPosition.y
      value: 2.5
      objectReference: {fileID: 0}
    - target: {fileID: 2313685118270869673, guid: 4bdfcbecb7ae114479aa592f2a91fe9a,
        type: 3}
      propertyPath: m_LocalPosition.z
      value: 24
      objectReference: {fileID: 0}
    - target: {fileID: 2313685118270869673, guid: 4bdfcbecb7ae114479aa592f2a91fe9a,
        type: 3}
      propertyPath: m_LocalRotation.x
      value: 0
      objectReference: {fileID: 0}
    - target: {fileID: 2313685118270869673, guid: 4bdfcbecb7ae114479aa592f2a91fe9a,
        type: 3}
      propertyPath: m_LocalRotation.y
      value: 0
      objectReference: {fileID: 0}
    - target: {fileID: 2313685118270869673, guid: 4bdfcbecb7ae114479aa592f2a91fe9a,
        type: 3}
      propertyPath: m_LocalRotation.z
      value: 0
      objectReference: {fileID: 0}
    - target: {fileID: 2313685118270869673, guid: 4bdfcbecb7ae114479aa592f2a91fe9a,
        type: 3}
      propertyPath: m_LocalRotation.w
      value: 1
      objectReference: {fileID: 0}
    - target: {fileID: 2313685118270869673, guid: 4bdfcbecb7ae114479aa592f2a91fe9a,
        type: 3}
      propertyPath: m_RootOrder
      value: 5
      objectReference: {fileID: 0}
    - target: {fileID: 2313685118270869673, guid: 4bdfcbecb7ae114479aa592f2a91fe9a,
        type: 3}
      propertyPath: m_LocalEulerAnglesHint.x
      value: 0
      objectReference: {fileID: 0}
    - target: {fileID: 2313685118270869673, guid: 4bdfcbecb7ae114479aa592f2a91fe9a,
        type: 3}
      propertyPath: m_LocalEulerAnglesHint.y
      value: 0
      objectReference: {fileID: 0}
    - target: {fileID: 2313685118270869673, guid: 4bdfcbecb7ae114479aa592f2a91fe9a,
        type: 3}
      propertyPath: m_LocalEulerAnglesHint.z
      value: 0
      objectReference: {fileID: 0}
    m_RemovedComponents: []
  m_SourcePrefab: {fileID: 100100000, guid: 4bdfcbecb7ae114479aa592f2a91fe9a, type: 3}
--- !u!4 &2616066975549317803 stripped
Transform:
  m_CorrespondingSourceObject: {fileID: 2313685118270869673, guid: 4bdfcbecb7ae114479aa592f2a91fe9a,
    type: 3}
  m_PrefabInstance: {fileID: 312436496396972546}
  m_PrefabAsset: {fileID: 0}
--- !u!114 &2616066975549317800 stripped
MonoBehaviour:
  m_CorrespondingSourceObject: {fileID: 2313685118270869674, guid: 4bdfcbecb7ae114479aa592f2a91fe9a,
    type: 3}
  m_PrefabInstance: {fileID: 312436496396972546}
  m_PrefabAsset: {fileID: 0}
  m_GameObject: {fileID: 0}
  m_Enabled: 1
  m_EditorHideFlags: 0
  m_Script: {fileID: 11500000, guid: 5607a2d064ed0a34fa31cfbd7ea0e858, type: 3}
  m_Name: 
  m_EditorClassIdentifier: 
--- !u!1001 &312436497368893633
PrefabInstance:
  m_ObjectHideFlags: 0
  serializedVersion: 2
  m_Modification:
    m_TransformParent: {fileID: 312436497627580792}
    m_Modifications:
    - target: {fileID: 3396235013840348513, guid: cb9bed2fd4df2d44f90a1a5ca32cf541,
        type: 3}
      propertyPath: m_Name
      value: Small
      objectReference: {fileID: 0}
    - target: {fileID: 3396235013840348512, guid: cb9bed2fd4df2d44f90a1a5ca32cf541,
        type: 3}
      propertyPath: m_LocalPosition.x
      value: 11
      objectReference: {fileID: 0}
    - target: {fileID: 3396235013840348512, guid: cb9bed2fd4df2d44f90a1a5ca32cf541,
        type: 3}
      propertyPath: m_LocalPosition.y
      value: 2
      objectReference: {fileID: 0}
    - target: {fileID: 3396235013840348512, guid: cb9bed2fd4df2d44f90a1a5ca32cf541,
        type: 3}
      propertyPath: m_LocalPosition.z
      value: 12
      objectReference: {fileID: 0}
    - target: {fileID: 3396235013840348512, guid: cb9bed2fd4df2d44f90a1a5ca32cf541,
        type: 3}
      propertyPath: m_LocalRotation.x
      value: 0
      objectReference: {fileID: 0}
    - target: {fileID: 3396235013840348512, guid: cb9bed2fd4df2d44f90a1a5ca32cf541,
        type: 3}
      propertyPath: m_LocalRotation.y
      value: 1
      objectReference: {fileID: 0}
    - target: {fileID: 3396235013840348512, guid: cb9bed2fd4df2d44f90a1a5ca32cf541,
        type: 3}
      propertyPath: m_LocalRotation.z
      value: 0
      objectReference: {fileID: 0}
    - target: {fileID: 3396235013840348512, guid: cb9bed2fd4df2d44f90a1a5ca32cf541,
        type: 3}
      propertyPath: m_LocalRotation.w
      value: 0
      objectReference: {fileID: 0}
    - target: {fileID: 3396235013840348512, guid: cb9bed2fd4df2d44f90a1a5ca32cf541,
        type: 3}
      propertyPath: m_RootOrder
      value: 0
      objectReference: {fileID: 0}
    - target: {fileID: 3396235013840348512, guid: cb9bed2fd4df2d44f90a1a5ca32cf541,
        type: 3}
      propertyPath: m_LocalEulerAnglesHint.x
      value: 0
      objectReference: {fileID: 0}
    - target: {fileID: 3396235013840348512, guid: cb9bed2fd4df2d44f90a1a5ca32cf541,
        type: 3}
      propertyPath: m_LocalEulerAnglesHint.y
      value: 180
      objectReference: {fileID: 0}
    - target: {fileID: 3396235013840348512, guid: cb9bed2fd4df2d44f90a1a5ca32cf541,
        type: 3}
      propertyPath: m_LocalEulerAnglesHint.z
      value: 0
      objectReference: {fileID: 0}
    - target: {fileID: 3396235013840348515, guid: cb9bed2fd4df2d44f90a1a5ca32cf541,
        type: 3}
      propertyPath: activator
      value: 
      objectReference: {fileID: 2616066974548205731}
    m_RemovedComponents: []
  m_SourcePrefab: {fileID: 100100000, guid: cb9bed2fd4df2d44f90a1a5ca32cf541, type: 3}
--- !u!4 &3131170068985605537 stripped
Transform:
  m_CorrespondingSourceObject: {fileID: 3396235013840348512, guid: cb9bed2fd4df2d44f90a1a5ca32cf541,
    type: 3}
  m_PrefabInstance: {fileID: 312436497368893633}
  m_PrefabAsset: {fileID: 0}
--- !u!1001 &312436497397002249
PrefabInstance:
  m_ObjectHideFlags: 0
  serializedVersion: 2
  m_Modification:
    m_TransformParent: {fileID: 312436497627580792}
    m_Modifications:
    - target: {fileID: 2313685118270869672, guid: 4bdfcbecb7ae114479aa592f2a91fe9a,
        type: 3}
      propertyPath: m_Name
      value: EnemyActivator
      objectReference: {fileID: 0}
    - target: {fileID: 2313685118270869673, guid: 4bdfcbecb7ae114479aa592f2a91fe9a,
        type: 3}
      propertyPath: m_LocalPosition.x
      value: 12
      objectReference: {fileID: 0}
    - target: {fileID: 2313685118270869673, guid: 4bdfcbecb7ae114479aa592f2a91fe9a,
        type: 3}
      propertyPath: m_LocalPosition.y
      value: 2.5
      objectReference: {fileID: 0}
    - target: {fileID: 2313685118270869673, guid: 4bdfcbecb7ae114479aa592f2a91fe9a,
        type: 3}
      propertyPath: m_LocalPosition.z
      value: 0
      objectReference: {fileID: 0}
    - target: {fileID: 2313685118270869673, guid: 4bdfcbecb7ae114479aa592f2a91fe9a,
        type: 3}
      propertyPath: m_LocalRotation.x
      value: 0
      objectReference: {fileID: 0}
    - target: {fileID: 2313685118270869673, guid: 4bdfcbecb7ae114479aa592f2a91fe9a,
        type: 3}
      propertyPath: m_LocalRotation.y
      value: 0
      objectReference: {fileID: 0}
    - target: {fileID: 2313685118270869673, guid: 4bdfcbecb7ae114479aa592f2a91fe9a,
        type: 3}
      propertyPath: m_LocalRotation.z
      value: 0
      objectReference: {fileID: 0}
    - target: {fileID: 2313685118270869673, guid: 4bdfcbecb7ae114479aa592f2a91fe9a,
        type: 3}
      propertyPath: m_LocalRotation.w
      value: 1
      objectReference: {fileID: 0}
    - target: {fileID: 2313685118270869673, guid: 4bdfcbecb7ae114479aa592f2a91fe9a,
        type: 3}
      propertyPath: m_RootOrder
      value: 1
      objectReference: {fileID: 0}
    - target: {fileID: 2313685118270869673, guid: 4bdfcbecb7ae114479aa592f2a91fe9a,
        type: 3}
      propertyPath: m_LocalEulerAnglesHint.x
      value: 0
      objectReference: {fileID: 0}
    - target: {fileID: 2313685118270869673, guid: 4bdfcbecb7ae114479aa592f2a91fe9a,
        type: 3}
      propertyPath: m_LocalEulerAnglesHint.y
      value: 0
      objectReference: {fileID: 0}
    - target: {fileID: 2313685118270869673, guid: 4bdfcbecb7ae114479aa592f2a91fe9a,
        type: 3}
      propertyPath: m_LocalEulerAnglesHint.z
      value: 0
      objectReference: {fileID: 0}
    m_RemovedComponents: []
  m_SourcePrefab: {fileID: 100100000, guid: 4bdfcbecb7ae114479aa592f2a91fe9a, type: 3}
--- !u!4 &2616066974548205728 stripped
Transform:
  m_CorrespondingSourceObject: {fileID: 2313685118270869673, guid: 4bdfcbecb7ae114479aa592f2a91fe9a,
    type: 3}
  m_PrefabInstance: {fileID: 312436497397002249}
  m_PrefabAsset: {fileID: 0}
--- !u!114 &2616066974548205731 stripped
MonoBehaviour:
  m_CorrespondingSourceObject: {fileID: 2313685118270869674, guid: 4bdfcbecb7ae114479aa592f2a91fe9a,
    type: 3}
  m_PrefabInstance: {fileID: 312436497397002249}
  m_PrefabAsset: {fileID: 0}
  m_GameObject: {fileID: 0}
  m_Enabled: 1
  m_EditorHideFlags: 0
  m_Script: {fileID: 11500000, guid: 5607a2d064ed0a34fa31cfbd7ea0e858, type: 3}
  m_Name: 
  m_EditorClassIdentifier: 
--- !u!1001 &312436497857407641
PrefabInstance:
  m_ObjectHideFlags: 0
  serializedVersion: 2
  m_Modification:
    m_TransformParent: {fileID: 312436497627580792}
    m_Modifications:
    - target: {fileID: 2313685118270869672, guid: 4bdfcbecb7ae114479aa592f2a91fe9a,
        type: 3}
      propertyPath: m_Name
      value: EnemyActivator (1)
      objectReference: {fileID: 0}
    - target: {fileID: 2313685118270869673, guid: 4bdfcbecb7ae114479aa592f2a91fe9a,
        type: 3}
      propertyPath: m_LocalPosition.x
      value: 12
      objectReference: {fileID: 0}
    - target: {fileID: 2313685118270869673, guid: 4bdfcbecb7ae114479aa592f2a91fe9a,
        type: 3}
      propertyPath: m_LocalPosition.y
      value: 2.5
      objectReference: {fileID: 0}
    - target: {fileID: 2313685118270869673, guid: 4bdfcbecb7ae114479aa592f2a91fe9a,
        type: 3}
      propertyPath: m_LocalPosition.z
      value: 6
      objectReference: {fileID: 0}
    - target: {fileID: 2313685118270869673, guid: 4bdfcbecb7ae114479aa592f2a91fe9a,
        type: 3}
      propertyPath: m_LocalRotation.x
      value: 0
      objectReference: {fileID: 0}
    - target: {fileID: 2313685118270869673, guid: 4bdfcbecb7ae114479aa592f2a91fe9a,
        type: 3}
      propertyPath: m_LocalRotation.y
      value: 0
      objectReference: {fileID: 0}
    - target: {fileID: 2313685118270869673, guid: 4bdfcbecb7ae114479aa592f2a91fe9a,
        type: 3}
      propertyPath: m_LocalRotation.z
      value: 0
      objectReference: {fileID: 0}
    - target: {fileID: 2313685118270869673, guid: 4bdfcbecb7ae114479aa592f2a91fe9a,
        type: 3}
      propertyPath: m_LocalRotation.w
      value: 1
      objectReference: {fileID: 0}
    - target: {fileID: 2313685118270869673, guid: 4bdfcbecb7ae114479aa592f2a91fe9a,
        type: 3}
      propertyPath: m_RootOrder
      value: 3
      objectReference: {fileID: 0}
    - target: {fileID: 2313685118270869673, guid: 4bdfcbecb7ae114479aa592f2a91fe9a,
        type: 3}
      propertyPath: m_LocalEulerAnglesHint.x
      value: 0
      objectReference: {fileID: 0}
    - target: {fileID: 2313685118270869673, guid: 4bdfcbecb7ae114479aa592f2a91fe9a,
        type: 3}
      propertyPath: m_LocalEulerAnglesHint.y
      value: 0
      objectReference: {fileID: 0}
    - target: {fileID: 2313685118270869673, guid: 4bdfcbecb7ae114479aa592f2a91fe9a,
        type: 3}
      propertyPath: m_LocalEulerAnglesHint.z
      value: 0
      objectReference: {fileID: 0}
    m_RemovedComponents: []
  m_SourcePrefab: {fileID: 100100000, guid: 4bdfcbecb7ae114479aa592f2a91fe9a, type: 3}
--- !u!4 &2616066975126583856 stripped
Transform:
  m_CorrespondingSourceObject: {fileID: 2313685118270869673, guid: 4bdfcbecb7ae114479aa592f2a91fe9a,
    type: 3}
  m_PrefabInstance: {fileID: 312436497857407641}
  m_PrefabAsset: {fileID: 0}
--- !u!114 &2616066975126583859 stripped
MonoBehaviour:
  m_CorrespondingSourceObject: {fileID: 2313685118270869674, guid: 4bdfcbecb7ae114479aa592f2a91fe9a,
    type: 3}
  m_PrefabInstance: {fileID: 312436497857407641}
  m_PrefabAsset: {fileID: 0}
  m_GameObject: {fileID: 0}
  m_Enabled: 1
  m_EditorHideFlags: 0
  m_Script: {fileID: 11500000, guid: 5607a2d064ed0a34fa31cfbd7ea0e858, type: 3}
  m_Name: 
  m_EditorClassIdentifier: 
--- !u!1001 &312436497896423209
PrefabInstance:
  m_ObjectHideFlags: 0
  serializedVersion: 2
  m_Modification:
    m_TransformParent: {fileID: 312436497627580792}
    m_Modifications:
    - target: {fileID: 3063741788966157248, guid: 6dc191b7cef33094797c3b63f41238e0,
        type: 3}
      propertyPath: m_Name
      value: Normal
      objectReference: {fileID: 0}
    - target: {fileID: 3063741788966157249, guid: 6dc191b7cef33094797c3b63f41238e0,
        type: 3}
      propertyPath: m_LocalPosition.x
      value: 13
      objectReference: {fileID: 0}
    - target: {fileID: 3063741788966157249, guid: 6dc191b7cef33094797c3b63f41238e0,
        type: 3}
      propertyPath: m_LocalPosition.y
      value: 1.5
      objectReference: {fileID: 0}
    - target: {fileID: 3063741788966157249, guid: 6dc191b7cef33094797c3b63f41238e0,
        type: 3}
      propertyPath: m_LocalPosition.z
      value: 12
      objectReference: {fileID: 0}
    - target: {fileID: 3063741788966157249, guid: 6dc191b7cef33094797c3b63f41238e0,
        type: 3}
      propertyPath: m_LocalRotation.x
      value: 0
      objectReference: {fileID: 0}
    - target: {fileID: 3063741788966157249, guid: 6dc191b7cef33094797c3b63f41238e0,
        type: 3}
      propertyPath: m_LocalRotation.y
      value: 1
      objectReference: {fileID: 0}
    - target: {fileID: 3063741788966157249, guid: 6dc191b7cef33094797c3b63f41238e0,
        type: 3}
      propertyPath: m_LocalRotation.z
      value: 0
      objectReference: {fileID: 0}
    - target: {fileID: 3063741788966157249, guid: 6dc191b7cef33094797c3b63f41238e0,
        type: 3}
      propertyPath: m_LocalRotation.w
      value: 0
      objectReference: {fileID: 0}
    - target: {fileID: 3063741788966157249, guid: 6dc191b7cef33094797c3b63f41238e0,
        type: 3}
      propertyPath: m_RootOrder
      value: 2
      objectReference: {fileID: 0}
    - target: {fileID: 3063741788966157249, guid: 6dc191b7cef33094797c3b63f41238e0,
        type: 3}
      propertyPath: m_LocalEulerAnglesHint.x
      value: 0
      objectReference: {fileID: 0}
    - target: {fileID: 3063741788966157249, guid: 6dc191b7cef33094797c3b63f41238e0,
        type: 3}
      propertyPath: m_LocalEulerAnglesHint.y
      value: 180
      objectReference: {fileID: 0}
    - target: {fileID: 3063741788966157249, guid: 6dc191b7cef33094797c3b63f41238e0,
        type: 3}
      propertyPath: m_LocalEulerAnglesHint.z
      value: 0
      objectReference: {fileID: 0}
    - target: {fileID: 3063741788966157250, guid: 6dc191b7cef33094797c3b63f41238e0,
        type: 3}
      propertyPath: activator
      value: 
      objectReference: {fileID: 2616066975126583859}
    m_RemovedComponents: []
  m_SourcePrefab: {fileID: 100100000, guid: 6dc191b7cef33094797c3b63f41238e0, type: 3}
--- !u!4 &3373591645800056040 stripped
Transform:
  m_CorrespondingSourceObject: {fileID: 3063741788966157249, guid: 6dc191b7cef33094797c3b63f41238e0,
    type: 3}
  m_PrefabInstance: {fileID: 312436497896423209}
  m_PrefabAsset: {fileID: 0}
